<record><leader>00000cas a22000007a 4500</leader><controlfield tag="001">12904537</controlfield><controlfield tag="008">851213d183u1834inuwr ne      0    0eng d</controlfield><datafield ind1=" " ind2=" " tag="010"><subfield code="a">sn 85048231 </subfield></datafield><datafield ind1=" " ind2=" " tag="040"><subfield code="a">NPI</subfield><subfield code="b">eng</subfield><subfield code="c">NPI</subfield><subfield code="d">DLC</subfield><subfield code="d">OCLCQ</subfield></datafield><datafield ind1=" " ind2=" " tag="042"><subfield code="a">msc</subfield></datafield><datafield ind1="0" ind2=" " tag="130"><subfield code="a">Indiana sentinel (Connersville, Ind. : 1834)</subfield></datafield><datafield ind1="1" ind2="0" tag="245"><subfield code="a">Indiana sentinel.</subfield></datafield><datafield ind1=" " ind2=" " tag="260"><subfield code="a">Connersville, IA [i.e. Ind.] :</subfield><subfield code="b">Crosby &amp; Gallagher</subfield></datafield><datafield ind1=" " ind2=" " tag="300"><subfield code="a">v. ;</subfield><subfield code="c">52 cm.</subfield></datafield><datafield ind1=" " ind2=" " tag="310"><subfield code="a">Weekly</subfield></datafield><datafield ind1="1" ind2=" " tag="362"><subfield code="a">Ceased in 1834?</subfield></datafield><datafield ind1=" " ind2=" " tag="588"><subfield code="a">Description based on: Vol. 3, no. 9 (Aug. 23, 1834).</subfield></datafield><datafield ind1=" " ind2=" " tag="752"><subfield code="a">United States</subfield><subfield code="d">Indiana</subfield><subfield code="c">Fayette</subfield><subfield code="d">Connersville.</subfield></datafield><datafield ind1="0" ind2="0" tag="780"><subfield code="t">Indiana sentinel, and working man's advocate</subfield><subfield code="w">(DLC)sn 85054338</subfield></datafield></record>